
@book{textDataManagement,
    Title = {Text Data Managementand Analysis - A Practical Introduction to Information Retrieval and Text Mining},
    Author = {ChengXiang Zhai, Sean Massung},
    Edition = {1st},
    Year = {2016},
    Publisher = {ACM Books}
}

@book{luceneInAction,
    Title = {Lucene In Action},
    Author = {Michael McCandless, Erik Hatcher, Otis Gospodnetic},
    Edition = {2nd},
    Year = {2010},
    Publisher = {Manning Publications Co}
}

@online {ICH_web,
    author = "Institute of Communication and Health",
    howpublished = "https://www.ich.com.usi.ch/en/about-us/institute",
    note = "(accessed: 06.01.2021)",
}

@online{qualtricsHome,
    author = "Quatrics Experience Management",
    howpublished = "https://www.qualtrics.com/it/",
    note  = "(accessed: 06.01.2021)",
}

@online{springBootHome,
    title = "Spring Boot web site",
    howpublished = "https://spring.io/projects/spring-boot",
    note  = "(accessed: 06.01.2021)",
}

@online{luceneHome,
    title = "Apache Lucene web site",
    howpublished = "https://lucene.apache.org/core/",
    note  = "(accessed: 06.01.2021)",
}

@online{MySQLhome,
    title = "MySQL web site",
    howpublished = "https://www.mysql.com/",
    note  = "(accessed: 06.01.2021)",
}

@online{MavenHome,
    title = "Apache Maven web site",
    howpublished = "https://maven.apache.org/",
    note  = "(accessed: 06.01.2021)",
}

@online{DockerHome,
    title = "Docker web site",
    howpublished = "https://www.docker.com/",
    note  = "(accessed: 06.01.2021)",
}

@online{JQueryHome,
    title = "jQuery web site",
    howpublished = "https://jquery.com/",
    note  = "(accessed: 06.01.2021)",
}

@online{bootstrapHome,
    title = "Bootstrap web site",
    howpublished = "https://getbootstrap.com/",
    note  = "(accessed: 06.01.2021)",
}

@online{thymeleafHome,
    title = "Thymeleaf web site",
    howpublished = "https://www.thymeleaf.org/",
    note  = "(accessed: 06.01.2021)",
}


@online{ajaxWikipedia,
    title = "Wikipedia: Ajax",
    howpublished = "https://en.wikipedia.org/wiki/Ajax\_(programming)",
    note  = "(accessed: 06.01.2021)",
}

@online{restWikipedia,
    title = "Wikipedia: REST",
    howpublished = "https://en.wikipedia.org/wiki/Representational\_state\_transfer",
    note  = "(accessed: 06.01.2021)",
}

@online{baeldungJackson,
    title = "Baeldung: Intro to the Jackson ObjectMapper",
    howpublished = "https://www.baeldung.com/jackson-object-mapper-tutorial",
    note  = "(accessed: 06.01.2021)",
}






















